%---------------------------------------------------------------------------%
%-                                                                         -%
%-                             Bibliography                                -%
%-                                                                         -%
%---------------------------------------------------------------------------%

@book{xintong2019zhong,
    title={中国网络安全产业白皮书},
    author={中国信通院},
    year={2019},
}

@book{guo2018zhong,
    title={中国互联网网络安全报告},
    author={国家计算机网络应急技术处理协调中心},
    year={2018},
}

@article{lyon1998remote,
  title={Remote OS detection via TCP/IP stack fingerprinting},
  author={Lyon, Gordon Fyodor},
  journal={Phrack Magazine},
  volume={8},
  number={54},
  year={1998}
}

@article{arkin2002remote,
  title={A remote active OS fingerprinting tool using ICMP},
  author={Arkin, Ofir},
  journal={login: the Magazine of USENIX and Sage},
  volume={27},
  number={2},
  pages={14--19},
  year={2002}
}

@article{greenwald2007toward,
  title={Toward Undetected Operating System Fingerprinting.},
  author={Greenwald, Lloyd G and Thomas, Tavaris J},
  journal={WOOT},
  volume={7},
  pages={1--10},
  year={2007}
}

@phdthesis{liuying2007ji,
  title={基于 TCP 协议可选项的远程操作系统识别},
  author={刘英 and 薛质 and 王轶骏},
  year={2007}
}

@article{zhoutiezheng2011ji,
  title={基于支持向量机的操作系统识别方法},
  author={邹铁铮 and 苏金树 and others},
  journal={第二届信息安全漏洞分析与风险评估大会},
  pages={256--262},
  year={2011},
  publisher={中国信息安全测评中心}
}

@misc{zalewski2006p0f,
  title={p0f: Passive OS Fingerprinting tool},
  author={Zalewski, Michal},
  year={2006}
}

@inproceedings{matsunaka2013passive,
  title={Passive OS fingerprinting by DNS traffic analysis},
  author={Matsunaka, Takashi and Yamada, Akira and Kubota, Ayumu},
  booktitle={2013 IEEE 27th International Conference on Advanced Information Networking and Applications (AINA)},
  pages={243--250},
  year={2013},
  organization={IEEE}
}

@article{husak2016https,
  title={HTTPS traffic analysis and client identification using passive SSL/TLS fingerprinting},
  author={Hus{\'a}k, Martin and {\v{C}}erm{\'a}k, Milan and Jirs{\'\i}k, Tom{\'a}{\v{s}} and {\v{C}}eleda, Pavel},
  journal={EURASIP Journal on Information Security},
  volume={2016},
  number={1},
  pages={6},
  year={2016},
  publisher={Springer}
}

@inproceedings{lastovicka2018passive,
  title={Passive os fingerprinting methods in the jungle of wireless networks},
  author={Lastovicka, Martin and Jirsik, Tomas and Celeda, Pavel and Spacek, Stanislav and Filakovsky, Daniel},
  booktitle={NOMS 2018-2018 IEEE/IFIP Network Operations and Management Symposium},
  pages={1--9},
  year={2018},
  organization={IEEE}
}

@inproceedings{lippmann2003passive,
  title={Passive operating system identification from TCP/IP packet headers},
  author={Lippmann, Richard and Fried, David and Piwowarski, Keith and Streilein, William},
  booktitle={Workshop on Data Mining for Computer Security},
  volume={40},
  year={2003}
}

@inproceedings{beverly2004robust,
  title={A robust classifier for passive TCP/IP fingerprinting},
  author={Beverly, Robert},
  booktitle={International Workshop on Passive and Active Network Measurement},
  pages={158--167},
  year={2004},
  organization={Springer}
}

@inproceedings{chen2014fingerprinting,
  title={Os fingerprinting and tethering detection in mobile networks},
  author={Chen, Yi-Chao and Liao, Yong and Baldi, Mario and Lee, Sung-Ju and Qiu, Lili},
  booktitle={Proceedings of the 2014 Conference on Internet Measurement Conference},
  pages={173--180},
  year={2014}
}

@inproceedings{jirsik2014identifying,
  title={Identifying operating system using flow-based traffic fingerprinting},
  author={Jirs{\'\i}k, Tom{\'a}{\v{s}} and {\v{C}}eleda, Pavel},
  booktitle={Meeting of the European network of universities and companies in information and communication engineering},
  pages={70--73},
  year={2014},
  organization={Springer}
}

@article{al2014improving,
  title={Improving operating system fingerprinting using machine learning techniques},
  author={Al-Shehari, Taher and Shahzad, Farrukh},
  journal={International Journal of Computer Theory and Engineering},
  volume={6},
  number={1},
  pages={57},
  year={2014},
  publisher={IACSIT Press}
}

@inproceedings{matouvsek2014towards,
  title={Towards identification of operating systems from the internet traffic: IPFIX monitoring with fingerprinting and clustering},
  author={Matou{\v{s}}ek, Petr and Ry{\v{s}}av{\`y}, Ond{\v{r}}ej and Gr{\'e}gr, Mat{\v{e}}j and Vyml{\'a}til, Martin},
  booktitle={2014 5th International Conference on Data Communication Networking (DCNET)},
  pages={1--7},
  year={2014},
  organization={IEEE}
}

@article{tyagi2015packet,
  title={Packet inspection for unauthorized OS detection in enterprises},
  author={Tyagi, Rohit and Paul, Tuhin and Manoj, BS and Thanudas, B},
  journal={IEEE Security \& Privacy},
  volume={13},
  number={4},
  pages={60--65},
  year={2015},
  publisher={IEEE}
}

@inproceedings{fifield2015remote,
  title={Remote operating system classification over ipv6},
  author={Fifield, David and Geana, Alexandru and MartinGarcia, Luis and Morbitzer, Mathias and Tygar, J Doug},
  booktitle={Proceedings of the 8th ACM Workshop on Artificial Intelligence and Security},
  pages={57--67},
  year={2015}
}

@article{bujlow2015web,
  title={Web tracking: Mechanisms, implications, and defenses},
  author={Bujlow, Tomasz and Carela-Espa{\~n}ol, Valent{\'\i}n and Sol{\'e}-Pareta, Josep and Barlet-Ros, Pere},
  journal={arXiv preprint arXiv:1507.07872},
  year={2015}
}

@inproceedings{anderson2017fingerprinting,
  title={OS fingerprinting: New techniques and a study of information gain and obfuscation},
  author={Anderson, Blake and McGrew, David},
  booktitle={2017 IEEE Conference on Communications and Network Security (CNS)},
  pages={1--9},
  year={2017},
  organization={IEEE}
}

@inproceedings{lavstovivcka2018machine,
  title={Machine Learning Fingerprinting Methods in Cyber Security Domain: Which one to Use?},
  author={La{\v{s}}tovi{\v{c}}ka, Martin and Dufka, Anton{\'\i}n and Kom{\'a}rkov{\'a}, Jana},
  booktitle={2018 14th International Wireless Communications \& Mobile Computing Conference (IWCMC)},
  pages={542--547},
  year={2018},
  organization={IEEE}
}

@inproceedings{langley2017quic,
  title={The quic transport protocol: Design and internet-scale deployment},
  author={Langley, Adam and Riddoch, Alistair and Wilk, Alyssa and Vicente, Antonio and Krasic, Charles and Zhang, Dan and Yang, Fan and Kouranov, Fedor and Swett, Ian and Iyengar, Janardhan and others},
  booktitle={Proceedings of the Conference of the ACM Special Interest Group on Data Communication},
  pages={183--196},
  year={2017}
}

@article{rescorla2018transport,
  title={The transport layer security (TLS) protocol version 1.3},
  author={Rescorla, Eric and Dierks, Tim},
  year={2018},
  publisher={RFC 8446, DOI 10.17487/RFC8446, August 2018,< https://www. rfc-editor. org~…}
}

@inproceedings{ke2017lightgbm,
  title={Lightgbm: A highly efficient gradient boosting decision tree},
  author={Ke, Guolin and Meng, Qi and Finley, Thomas and Wang, Taifeng and Chen, Wei and Ma, Weidong and Ye, Qiwei and Liu, Tie-Yan},
  booktitle={Advances in neural information processing systems},
  pages={3146--3154},
  year={2017}
}

@misc{fielding2014hypertext,
  title={Hypertext transfer protocol (http/1.1): Semantics and content},
  author={Fielding, Roy and Reschke, Julian},
  year={2014},
  publisher={RFC 7231, June}
}

@article{arkin2003present,
  title={The present and future of xprobe2: The next generation of active operating system fingerprinting. sys-security group},
  author={Arkin, Ofir and Yarochkin, Fyodor and Kydyraliev, Meder},
  year={2003},
  publisher={Citeseer}
}

@article{norton2004ettercap,
  title={An ettercap primer},
  author={Norton, Duane},
  journal={SANS Institute InfoSec Reading Room},
  volume={5},
  year={2004}
}

@inproceedings{muehlstein2017analyzing,
  title={Analyzing HTTPS encrypted traffic to identify user's operating system, browser and application},
  author={Muehlstein, Jonathan and Zion, Yehonatan and Bahumi, Maor and Kirshenboim, Itay and Dubin, Ran and Dvir, Amit and Pele, Ofir},
  booktitle={2017 14th IEEE Annual Consumer Communications \& Networking Conference (CCNC)},
  pages={1--6},
  year={2017},
  organization={IEEE}
}

@inproceedings{ruffing2016smartphone,
  title={Smartphone reconnaissance: Operating system identification},
  author={Ruffing, Nicholas and Zhu, Ye and Libertini, Rudy and Guan, Yong and Bettati, Riccardo},
  booktitle={2016 13th IEEE Annual Consumer Communications \& Networking Conference (CCNC)},
  pages={1086--1091},
  year={2016},
  organization={IEEE}
}

@inproceedings{lecun2010convolutional,
  title={Convolutional networks and applications in vision},
  author={LeCun, Yann and Kavukcuoglu, Koray and Farabet, Cl{\'e}ment},
  booktitle={Proceedings of 2010 IEEE international symposium on circuits and systems},
  pages={253--256},
  year={2010},
  organization={IEEE}
}

@article{michie1994machine,
  title={Machine learning},
  author={Michie, Donald and Spiegelhalter, David J and Taylor, CC and others},
  journal={Neural and Statistical Classification},
  volume={13},
  number={1994},
  pages={1--298},
  year={1994},
  publisher={Technometrics}
}

@article{greff2016lstm,
  title={LSTM: A search space odyssey},
  author={Greff, Klaus and Srivastava, Rupesh K and Koutn{\'\i}k, Jan and Steunebrink, Bas R and Schmidhuber, J{\"u}rgen},
  journal={IEEE transactions on neural networks and learning systems},
  volume={28},
  number={10},
  pages={2222--2232},
  year={2016},
  publisher={IEEE}
}

@article{liaw2002classification,
  title={Classification and regression by randomForest},
  author={Liaw, Andy and Wiener, Matthew and others},
  journal={R news},
  volume={2},
  number={3},
  pages={18--22},
  year={2002}
}

@inproceedings{chen2016xgboost,
  title={Xgboost: A scalable tree boosting system},
  author={Chen, Tianqi and Guestrin, Carlos},
  booktitle={Proceedings of the 22nd acm sigkdd international conference on knowledge discovery and data mining},
  pages={785--794},
  year={2016}
}


@misc{arkin2002xprobe,
  title={Xprobe v2. 0: A “Fuzzy” Approach to Remote Active Operating System Fingerprinting},
  author={Arkin, Ofir and Yarochkin, Fyodor},
  journal={2011-06]. http://www. sys-security. com/archive/papers/Xprobe2. pdf},
  year={2002}
}

@inproceedings{yarochkin2009xprobe2++,
  title={Xprobe2++: Low volume remote network information gathering tool},
  author={Yarochkin, Fedor V and Arkin, Ofir and Kydyraliev, Meder and Dai, Shih-Yao and Huang, Yennun and Kuo, Sy-Yen},
  booktitle={2009 IEEE/IFIP International Conference on Dependable Systems \& Networks},
  pages={205--210},
  year={2009},
  organization={IEEE}
}

@article{veysset2002new,
  title={New tool and technique for remote operating system fingerprinting},
  author={Veysset, Franck and Courtay, Olivier and Heen, Olivier and IR Team and others},
  journal={Intranode Software Technologies},
  volume={4},
  year={2002}
}

@article{shamsi2014hershel,
  title={Hershel: single-packet os fingerprinting},
  author={Shamsi, Zain and Nandwani, Ankur and Leonard, Derek and Loguinov, Dmitri},
  journal={ACM SIGMETRICS Performance Evaluation Review},
  volume={42},
  number={1},
  pages={195--206},
  year={2014},
  publisher={ACM New York, NY, USA}
}

@article{beardsley2003snacktime,
  title={Snacktime: A perl solution for remote OS fingerprinting},
  author={Beardsley, T},
  journal={Plan B Security, Austin, TX, Jun},
  year={2003}
}

@article{auffret2010sinfp,
  title={SinFP, unification of active and passive operating system fingerprinting},
  author={Auffret, Patrice},
  journal={Journal in computer virology},
  volume={6},
  number={3},
  pages={197--205},
  year={2010},
  publisher={Springer}
}
@inproceedings{barnes2013k,
  title={k-p0f: A high-throughput kernel passive OS fingerprinter},
  author={Barnes, Jason and Crowley, Patrick},
  booktitle={Architectures for Networking and Communications Systems},
  pages={113--114},
  year={2013},
  organization={IEEE}
}

@inproceedings{richardson2010limits,
  title={The limits of automatic OS fingerprint generation},
  author={Richardson, David W and Gribble, Steven D and Kohno, Tadayoshi},
  booktitle={Proceedings of the 3rd ACM workshop on Artificial intelligence and security},
  pages={24--34},
  year={2010}
}

@inproceedings{aksoy2017operating,
  title={Operating system fingerprinting via automated network traffic analysis},
  author={Aksoy, Ahmet and Louis, Sushil and Gunes, Mehmet Hadi},
  booktitle={2017 IEEE Congress on Evolutionary Computation (CEC)},
  pages={2502--2509},
  year={2017},
  organization={IEEE}
}

@article{xuan2018identification,
  title={Identification of unknown operating system type of Internet of Things terminal device based on RIPPER},
  author={Xuan, Shichang and Man, Dapeng and Yang, Wu and Wang, Wei and Zhao, Jiashuai and Yu, Miao},
  journal={International Journal of Distributed Sensor Networks},
  volume={14},
  number={10},
  pages={1550147718806707},
  year={2018},
  publisher={SAGE Publications Sage UK: London, England}
}
%---------------------------------------------------------------------------%
